<?xml version="1.0" encoding="UTF-8"?><collection xmlns="http://www.loc.gov/MARC21/slim"><record><leader>00392nam--2200133-i-4500</leader><controlfield tag="001">000005017</controlfield><controlfield tag="002">20161230</controlfield><controlfield tag="005">20161230201026</controlfield><controlfield tag="008">060222s1000------------r-----000-0-eng-d</controlfield><datafield ind1=" " ind2=" " tag="100"><subfield code="a">Belcher, R., Gorbert, A.L</subfield></datafield><datafield ind1=" " ind2=" " tag="245"><subfield code="a">Semi-micro quantitative organic analysis</subfield></datafield><datafield ind1=" " ind2=" " tag="260"><subfield code="a">London, Longmans, Green And Co., 1954. X + 222 P</subfield></datafield><datafield ind1=" " ind2=" " tag="490"><subfield code="a">Textbooks On Modern Analytical Chemistry</subfield></datafield><datafield ind1=" " ind2=" " tag="852"><subfield code="a">15346</subfield></datafield></record></collection>